@manual{NBR6028:2003,
	Address = {Rio de Janeiro},
	Date-Added = {2012-12-15 21:02:12 +0000},
	Date-Modified = {2012-12-15 21:02:50 +0000},
	Month = {nov.},
	Org-Short = {ABNT},
	Organization = {Associa{\c c}\~ao Brasileira de Normas T\'ecnicas},
	Pages = 2,
	Subtitle = {Resumo - Apresenta{\c c}{\~a}o},
	Title = {{NBR} 6028},
	Year = 2003}
	
@manual{abntex2classe,
	Author = {Lauro C{\'e}sar Araujo},
	Date-Added = {2013-01-09 10:37:38 +0000},
	Date-Modified = {2015-04-27 22:42:47 +0000},
	Organization = {Equipe abnTeX2},
	Title = {A classe abntex2: Modelo can{\^o}nico de trabalhos acad{\^e}micos brasileiros compat{\'\i}vel com as normas ABNT NBR 14724:2011, ABNT NBR 6024:2012 e outras},
	Url = {http://www.abntex.net.br/},
	Year = {2015},
	Bdsk-Url-1 = {http://www.abntex.net.br/}}

@misc{abntex2-wiki-como-customizar,
	Author = {Lauro C{\'e}sar Araujo},
	Date-Added = {2013-03-23 21:39:21 +0000},
	Date-Modified = {2015-04-27 22:43:06 +0000},
	Howpublished = {Wiki do abnTeX2},
	Keywords = {wiki},
	Title = {Como customizar o abnTeX2},
	Url = {https://github.com/abntex/abntex2/wiki/ComoCustomizar},
	Urlaccessdate = {27 abr 2015},
	Year = {2015},
	Bdsk-Url-1 = {https://github.com/abntex/abntex2/wiki/ComoCustomizar}}

@manual{abntex2cite-alf,
	Annote = {Este documento {\'e} derivado do \cite{abnt-bibtex-alf-doc}},
	Author = {Lauro C{\'e}sar Araujo},
	Date-Added = {2013-01-09 10:37:45 +0000},
	Date-Modified = {2015-04-27 22:43:44 +0000},
	Organization = {Equipe abnTeX2},
	Title = {O pacote abntex2cite: t{\'o}picos espec{\'\i}ficos da ABNT NBR 10520:2002 e o estilo bibliogr{\'a}fico alfab{\'e}tico (sistema autor-data)},
	Url = {http://www.abntex.net.br/},
	Year = {2015},
	Bdsk-Url-1 = {http://www.abntex.net.br/}}

@manual{abntex2cite,
	Annote = {Este documento {\'e} derivado do \cite{abnt-bibtex-doc}},
	Author = {Lauro C{\'e}sar Araujo},
	Date-Added = {2013-01-09 10:37:45 +0000},
	Date-Modified = {2015-04-27 22:43:38 +0000},
	Organization = {Equipe abnTeX2},
	Title = {O pacote abntex2cite: Estilos bibliogr{\'a}ficos compat{\'\i}veis com a ABNT NBR 6023},
	Url = {http://www.abntex.net.br/},
	Year = {2015},
	Bdsk-Url-1 = {http://www.abntex.net.br/}}

@manual{memoir,
	Address = {Normandy Park, WA},
	Author = {Peter Wilson and Lars Madsen},
	Date-Added = {2013-01-09 10:37:50 +0000},
	Date-Modified = {2013-03-21 13:23:25 +0000},
	Organization = {The Herries Press},
	Title = {The Memoir Class for Configurable Typesetting - User Guide},
	Url = {http://mirrors.ctan.org/macros/latex/contrib/memoir/memman.pdf},
	Urlaccessdate = {19 dez. 2012},
	Year = {2010},
	Bdsk-Url-1 = {http://ctan.tche.br/macros/latex/contrib/memoir/memman.pdf}}
	
@article{4066263,
	author={Peterson, W.W. and Brown, D.T.}, 
	journal={Proceedings of the IRE},
	title={Cyclic Codes for Error Detection}, 
	year={1961}, 
	month={jan. }, 
	volume={49}, 
	number={1}, 
	pages={228 -235}, 
	keywords={}, 
	doi={10.1109/JRPROC.1961.287814}, 
	ISSN={0096-8390},
}

@article{4038857, 
	author={Stone, H.S.}, 
	journal={Electronic Computers, IEEE Transactions on},
	title={R66-50 An Algorithm for the Machine Calculation of Complex Fourier Series}, 
	year={1966}, 
	month={aug. }, 
	volume={EC-15}, 
	number={4}, 
	pages={680 -681}, 
	keywords={}, 
	doi={10.1109/PGEC.1966.264428}, 
	ISSN={0367-7508},
}

@article{1447203, 
	author={Flynn, M.J.}, 
	journal={Proceedings of the IEEE},
	title={Very high-speed computing systems}, 
	year={1966}, 
	month={dec.}, 
	volume={54}, 
	number={12}, 
	pages={ 1901 - 1909}, 
	keywords={}, 
	doi={10.1109/PROC.1966.5273}, 
	ISSN={0018-9219},
}

@article{Weicker:1984:DSS:358274.358283,
	author = {Weicker, Reinhold P.},
	title = {Dhrystone: a synthetic systems programming benchmark},
	journal = {Commun. ACM},
	issue_date = {Oct 1984},
	volume = {27},
	number = {10},
	month = oct,
	year = {1984},
	issn = {0001-0782},
	pages = {1013--1030},
	numpages = {18},
	url = {http://doi.acm.org/10.1145/358274.358283},
	doi = {10.1145/358274.358283},
	acmid = {358283},
	publisher = {ACM},
	address = {New York, NY, USA},
	keywords = {Dhrystone, Whetstone, benchmark, statistics},
}

@article{Spector:1984:SSP:358234.358246,
	author = {Spector, Alfred and Gifford, David},
	title = {The space shuttle primary computer system},
	journal = {Commun. ACM},
	issue_date = {Sept. 1984},
	volume = {27},
	number = {9},
	month = sep,
	year = {1984},
	issn = {0001-0782},
	pages = {872--900},
	numpages = {29},
	url = {http://doi.acm.org/10.1145/358234.358246},
	doi = {10.1145/358234.358246},
	acmid = {358246},
	publisher = {ACM},
	address = {New York, NY, USA},
	keywords = {PASS, avionics system, space shuttle},
}

@article{Linux:402081, 
	author={Bokhari, S.H.}, 
	journal={Computer}, 
	title={The Linux operating system}, 
	year={1995}, 
	volume={28}, 
	number={8}, 
	pages={74-79}, 
	keywords={IBM compatible machines;Unix;educational computing;home working;microcomputer applications;public domain software;software reviews;teaching;technology transfer;workstations;IBM PC compatibles;Linux operating system;Unix-based workstations;X Windows;consumer market;developing nations;educational institutions;freeware;personal home machines;research;software development;teaching;university students;working environments;Condition monitoring;Costing;Education;Hard disks;Internet;Linux;Operating systems;Personal communication networks;Power engineering and energy;Workstations}, 
	doi={10.1109/2.402081}, 
	ISSN={0018-9162},
}

@article{Sangiovanni-Vincentelli:2001:PDS:622206.623108,
	author = {Sangiovanni-Vincentelli, Alberto and Martin, Grant},
	title = {Platform-Based Design and Software Design Methodology for Embedded Systems},
	journal = {IEEE Des. Test},
	issue_date = {November 2001},
	volume = {18},
	number = {6},
	month = nov,
	year = {2001},
	issn = {0740-7475},
	pages = {23--33},
	numpages = {11},
	url = {http://dx.doi.org/10.1109/54.970421},
	doi = {10.1109/54.970421},
	acmid = {623108},
	publisher = {IEEE Computer Society Press},
	address = {Los Alamitos, CA, USA},
}

@article{Halaas:2004:RMA:1032032.1032041,
	author = {Halaas, Arne and Svingen, B{\o}rge and Nedland, Magnar and S\aetrom, P{\aa}l and Sn{\o}ve,Jr., Ola and Birkeland, Olaf Ren{\'e}},
	title = {A recursive MISD architecture for pattern matching},
	journal = {IEEE Trans. Very Large Scale Integr. Syst.},
	issue_date = {July 2004},
	volume = {12},
	number = {7},
	month = jul,
	year = {2004},
	issn = {1063-8210},
	pages = {727--734},
	numpages = {8},
	url = {http://dx.doi.org/10.1109/TVLSI.2004.830918},
	doi = {10.1109/TVLSI.2004.830918},
	acmid = {1032041},
	publisher = {IEEE Educational Activities Department},
	address = {Piscataway, NJ, USA},
	keywords = {VLSI, approximate search, multiple instruction stream-single data stream (MISD), online pattern matching, parallel architecture},
}

@article{Azevedo:2005:AAD:1146113.1146115,
	author = {Azevedo, Rodolfo and Rigo, Sandro and Bartholomeu, Marcus and Araujo, Guido and Araujo, Cristiano and Barros, Edna},
	title = {The ArchC architecture description language and tools},
	journal = {Int. J. Parallel Program.},
	volume = {33},
	issue = {5},
	month = {October},
	year = {2005},
	issn = {0885-7458},
	pages = {453--484},
	numpages = {32},
	url = {http://portal.acm.org/citation.cfm?id=1146113.1146115},
	doi = {10.1007/s10766-005-7301-0},
	acmid = {1146115},
	publisher = {Kluwer Academic Publishers},
	address = {Norwell, MA, USA},
	keywords = {ISA simulator, architecture description language, compiled simulation, systemC},
}

@article{Asymmetric:1541876, 
	author={Kumar, R. and Tullsen, D.M. and Jouppi, N.P. and Ranganathan, P.}, 
	journal={Computer}, 
	title={Heterogeneous chip multiprocessors}, 
	year={2005}, 
	volume={38}, 
	number={11}, 
	pages={32-38}, 
	keywords={microprocessor chips;multiprocessing systems;parallel architectures;system-on-chip;Amdahl law;CMP;Moore law;heterogeneous chip multiprocessors;multicore microprocessors;Clocks;Costs;Frequency;IEEE news;Microprocessors;Moore's Law;Multicore processing;Portable computers;Sun;Throughput;CMP;Chip multiprocessors;Heterogeneity;Multicore microprocessors;Multiprocessors;Power-aware computing;System architectures}, 
	doi={10.1109/MC.2005.379}, 
	ISSN={0018-9162},
}

@article{SYSTEMC:1617814, 
	journal={IEEE Std 1666-2005}, 
	title={IEEE Standard System C Language Reference Manual}, 
	year={2006}, 
	pages={1-423}, 
	doi={10.1109/IEEESTD.2006.99475},
}

@article{Moore:4785860, 
	author={Moore, Gordon E.}, 
	journal={Solid-State Circuits Society Newsletter, IEEE}, 
	title={Cramming more components onto integrated circuits, Reprinted from Electronics, volume 38, number 8, April 19, 1965, pp.114 ff.}, 
	year={2006}, 
	volume={11}, 
	number={5}, 
	pages={33-35}, 
	keywords={Computers;Data mining;Films;Heating;Integrated circuits;Microwave amplifiers;Silicon}, 
	doi={10.1109/N-SSC.2006.4785860}, 
	ISSN={1098-4232},
}

@article{Amdahl:4785615, 
	author={Amdahl, Gene M.}, 
	journal={Solid-State Circuits Society Newsletter, IEEE}, 
	title={Validity of the Single Processor Approach to Achieving Large Scale Computing Capabilities, Reprinted from the AFIPS Conference Proceedings, Vol. 30 (Atlantic City, N.J., Apr. 18 2013), AFIPS Press, Reston, Va., 1967, pp. 483;485, when Dr. Amdahl was at International Business Machines Corporation, Sunnyvale, California}, 
	year={2007}, 
	volume={12}, 
	number={3}, 
	pages={19-20}, 
	keywords={Computers;Data mining;Degradation;Hardware;Memory management;Organizations;Performance evaluation}, 
	doi={10.1109/N-SSC.2007.4785615}, 
	ISSN={1098-4232},
}

@article{PROCESSOR:4850414, 
	author={Martin, Grant}, 
	journal={Design Test of Computers, IEEE}, 
	title={Processor Stew (review of Processor Description Languages by P. Mishra and N. Dutt, Eds.; 2008) [Book reviews]}, 
	year={2009}, 
	volume={26}, 
	number={2}, 
	pages={76-77}, 
	keywords={Application specific processors;Assembly;Book reviews;Digital signal processors;Embedded system;Hardware;Instruction sets;Process design;Software tools;System-on-a-chip;ADL;ASIP;processor description language;processor-centric design}, 
	doi={10.1109/MDT.2009.41}, 
	ISSN={0740-7475},
}

@article{Wang:2010:SPS:1808359.1808732,
	author = {Wang, Zhonglei and Herkersdorf, Andreas},
	title = {Software performance simulation strategies for high-level embedded system design},
	journal = {Perform. Eval.},
	volume = {67},
	issue = {8},
	month = {August},
	year = {2010},
	issn = {0166-5316},
	pages = {717--739},
	numpages = {23},
	url = {http://dx.doi.org/10.1016/j.peva.2009.07.003},
	doi = {http://dx.doi.org/10.1016/j.peva.2009.07.003},
	acmid = {1808732},
	publisher = {Elsevier Science Publishers B. V.},
	address = {Amsterdam, The Netherlands, The Netherlands},
	keywords = {Intermediate source code, Software performance simulation, Source code instrumentation, System level embedded systems design, SystemC},
}

@article{Schirner:2010:FAP:1698759.1698760,
	author = {Schirner, Gunar and Gerstlauer, Andreas and D\"{o}mer, Rainer},
	title = {Fast and accurate processor models for efficient MPSoC design},
	journal = {ACM Trans. Des. Autom. Electron. Syst.},
	volume = {15},
	issue = {2},
	month = {March},
	year = {2010},
	issn = {1084-4309},
	pages = {10:1--10:26},
	articleno = {10},
	numpages = {26},
	url = {http://doi.acm.org/10.1145/1698759.1698760},
	doi = {http://doi.acm.org/10.1145/1698759.1698760},
	acmid = {1698760},
	publisher = {ACM},
	address = {New York, NY, USA},
	keywords = {MPSoC, Processor modeling, TLM, multi-processor system-on-chip, performance prediction/estimation, system-level design, transaction-level model},
}

@article{IEEE_1685:5417309, 
	journal={IEEE Std 1685-2009}, 
	title={IEEE Standard for IP-XACT, Standard Structure for Packaging, Integrating, and Reusing IP within Tools Flows}, 
	year={2010}, 
	pages={C1-360}, 
	keywords={abstraction definitions, address space specification, bus definitions, design environment, EDA, electronic design automation, electronic system level, ESL, implementation constraints, IP-XACT, register transfer level, RTL, SCRs, semantic consistency rules, TGI, tight generator interface, tool and data interoperability, use models, XML design meta-data, XML schema}, 
	doi={10.1109/IEEESTD.2010.5417309},
}

@article{IEEE_802_11:6178212, 
	journal={IEEE Std 802.11-2012 (Revision of IEEE Std 802.11-2007)}, 
	title={IEEE Standard for Information technology--Telecommunications and information exchange between systems Local and metropolitan area networks--Specific requirements Part 11: Wireless LAN Medium Access Control (MAC) and Physical Layer (PHY) Specifications}, 
	year={2012}, 
	pages={1-2793}, 
	keywords={IEEE standards;access protocols;metropolitan area networks;wireless LAN;IEEE Std 802.11-2012;IEEE standard;MAC;PHY specification;WLAN;information technology;lEEE Std 802.11-2007;local area network;medium access control;metropolitan area network;physical layer;telecommunications-and-information exchange;wireless LAN;Authentication;Channel switching;Collision avoidance;Encryption;IEEE standards;Telecommunication network management;Wireless communication;2.4 GHz;3650 MHz;4.9 GHz;5 GHz;5.9 GHz;AES;CCMP;CSMA/CA;Counter mode with Cipher-block chaining Message authentication code Protocol;DFS;E911;IEEE 802.11;LAN;MAC;MIH;MIMO;MIMO-OFDM;PHY;QoS;QoS mapping;RF;SSP;SSPN;TKIP;TPC;WLAN;advanced encryption standard;carrier sense multiple access/collision avoidance;channel switching;confidentiality;direct link;dynamic frequency selection;emergency alert system;emergency services;forwarding;generic advertisement service;high throughput;interface;internationalroaming;interworking;interworking with external networks;local area network;measurement;media-independent handover;medium access control;medium access controller;mesh;multi-hop;multiple input multiple output;network advertisement;network discovery;network management;network selection;off-channel direct link;path-selection;physical layer;power saving;quality of service;radio;radio frequency;radio management;radio resource;subscriber service provider;temporal key integrity protocol;transmit power control;tunneled direct link setup;wireless LAN;wireless access in vehicular environments;wireless local area network;wireless network management;zero-knowledge proof}, 
	doi={10.1109/IEEESTD.2012.6178212},
}

@article{Yeh:2012:IQS:2206443.2206691,
	author = {Yeh, Tse-Chen and Chiang, Ming-Chao},
	title = {On the Interfacing Between QEMU and SystemC for Virtual Platform Construction: Using DMA As a Case},
	journal = {J. Syst. Archit.},
	issue_date = {March, 2012},
	volume = {58},
	number = {3-4},
	month = mar,
	year = {2012},
	issn = {1383-7621},
	pages = {99--111},
	numpages = {13},
	url = {http://dx.doi.org/10.1016/j.sysarc.2012.02.002},
	doi = {10.1016/j.sysarc.2012.02.002},
	acmid = {2206691},
	publisher = {Elsevier North-Holland, Inc.},
	address = {New York, NY, USA},
	keywords = {DMA, Device driver, ESL, Hardware modeling, OS, QEMU, SoC, SystemC},
}

@article{Prado:2012:JICS,
	author = {Prado, Bruno and Barros, Edna and Figueiredo, Thiago and Aziz, Andr{\'e}},
	title = {HdSC: a fast and preemptive modeling for on host HdS development},
	journal={Journal of Integrated Circuits and Systems},
	year = {2012},
	month={March},
	volume={7},
	number={1},
	isbn = {1807-1953},
	pages = {61--71},
	numpages = {10},
	url = {http://www.sbmicro.org.br/jics/html/artigos/vol7no1/6.pdf},
	keywords = {HdS, Modeling, Preemptive, Simulation, Instruction Set Simulator},
} 

@inproceedings{Bellard:2005:QFP:1247360.1247401,
	author = {Bellard, Fabrice},
	title = {QEMU, a Fast and Portable Dynamic Translator},
	booktitle = {Proceedings of the Annual Conference on USENIX Annual Technical Conference},
	series = {ATEC '05},
	year = {2005},
	location = {Anaheim, CA},
	pages = {41--41},
	numpages = {1},
	url = {http://dl.acm.org/citation.cfm?id=1247360.1247401},
	acmid = {1247401},
	publisher = {USENIX Association},
	address = {Berkeley, CA, USA},
}

@inproceedings{Jang:2011:PAA:2103380.2103401,
	author = {Jang, Minwoo and Kim, Kukhyun and Kim, Kanghee},
	title = {The performance analysis of ARM NEON technology for mobile platforms},
	booktitle = {Proceedings of the 2011 ACM Symposium on Research in Applied Computation},
	series = {RACS '11},
	year = {2011},
	isbn = {978-1-4503-1087-1},
	location = {Miami, Florida},
	pages = {104--106},
	numpages = {3},
	url = {http://doi.acm.org/10.1145/2103380.2103401},
	doi = {10.1145/2103380.2103401},
	acmid = {2103401},
	publisher = {ACM},
	address = {New York, NY, USA},
	keywords = {ARM cortex-A8, NEON technology, SIMD, embedded system, mobile platform},
}

@book{Jain:1991,
	author = {Raj Jain},
	title = {Art of Computer Systems Performance Analysis Techniques for Experimental Design Measurements Simulation and Modeling},
	year = {1991},
	isbn = {0471503363},
	publisher = {John Wiley ans Sons, Inc.},
	address = {New York, NY, USA},
}

@book{Gajski:2001:SDP:558186,
	author = {Gajski, Daniel D. and Domer, Rainer and Peng, Junyu and Gerstlauer, Andreas},
	title = {System Design: A Practical Guide with Specc},
	year = {2001},
	isbn = {0792373871},
	publisher = {Kluwer Academic Publishers},
	address = {Norwell, MA, USA},
}

@book{Grotker:2002:SDS:515361,
	author = {Grotker, Thorsten},
	title = {System Design with SystemC},
	year = {2002},
	isbn = {1402070721},
	publisher = {Kluwer Academic Publishers},
	address = {Norwell, MA, USA},
}

@book{Janick:2003,
	title={Writing Testbenches: Functional Verification of HDL Models},
	author={Janick Bergeron},
	isbn={9781402074011},
	lccn={68028310},
	year={2003},
	publisher={Kluwer Academic Publishers}
}

@book{Daemen:2002:DR:560131,
	author = {Daemen, Joan and Rijmen, Vincent},
	title = {The  Design of Rijndael},
	year = {2002},
	isbn = {3540425802},
	publisher = {Springer-Verlag New York, Inc.},
	address = {Secaucus, NJ, USA},
}

@book{Woodbury:2002,
	author = {Woodbury, George},
	title = {An Introduction to Statistics},
	year = {2002},
	isbn = {0534377556},
	publisher = {Thomson Learning},
	address = {Pacific Grove, CA, USA},
}

@book{Jerraya:2005,
	author = {Jerraya, Ahmed Amine and Wolf, Wayne},
	title = {Multiprocessor System-on-Chips},
	year = {2005},
	isbn = {012385251X},
	publisher = {Elsevier Inc.},
	address = {San Francisco, CA, USA},
}

@book{Corbet:2005,
	author = {Corbet, Jonathan and Rubini, Alessandro and Kroah-Hartman, Greg},
	title = {Linux Device Drivers},
	year = {2005},
	isbn = {0596005903},
	publisher = {O'Reilly Media, Inc.},
	address = {Sebastopol, CA, USA},
}

@book{Stallman:2005,
	author = {Richard M., Stallman and The GCC Developer Community},
	title = {Using the GNU Compiler Collection For GCC version 4.2.1},
	year = {2005},
	publisher = {GNU Press},
	address = {Boston, MA, USA},
}

@book{Hennessy:2007,
	author = {Hennessy, John L. and Patterson, David A.},
	title = {Computer Architecture: A Quantitative Approach},
	year = {2007},
	isbn = {9780123704900},
	publisher = {Elsevier, Inc.},
	address = {San Francisco, CA, USA},
}

@book{Bailey:2007,
	author = {Bailey, Brian and Martin, Grant and Piziali, Andrew},
	title = {ESL Design and Verification: A Prescription for Electronic System-Level Methodology},
	year = {2007},
	isbn = {9780123735515},
	publisher = {Elsevier, Inc.},
	address = {San Francisco, CA, USA},
}

@book{Herlihy:2008,
	author = {Herlihy, Maurice. and Shavit, Nir},
	title = {The Art of Multiprocessor Programming},
	year = {2008},
	isbn = {9780123705914},
	publisher = {Elsevier, Inc.},
	address = {Burlington, MA, USA},
}

@book{Ecker:2009,
	author = {Ecker, Wolfgang and D\"{o}mer, Rainer and M\"{u}ller, Wolfgang},
	title = {Hardware-dependent Software: Principles and Practice},
	year = {2009},
	isbn = {9781402094354},
	publisher = {Springer Science + Business Media B.V.},
	address = {Dordrecht, GX, Netherlands},
}

@book{Cormen:2009,
	author = {Cormen, Thomas H. and Leiverson, Charles E. and Rivest, Ronald L. and Stein, Clifford},
	title = {Introduction to Algorithms},
	year = {2009},
	isbn = {9780262033848},
	publisher = {The MIT Press},
	address = {Cambridge, MA, USA},
}

@book{Obaidat:2010,
	author = {Obaidat, Mohammad S. and Boudriga, Noureddine A.},
	title = {Fundamentals of Performance Evaluation of Computer and Telecommunication Systems},
	year = {2010},
	isbn = {9780471269830},
	publisher = {John Wiley and Sons, Inc.},
	address = {Hoboken, NJ, USA},
}

@book{Stallings:2010,
	author = {Stallings, Williams},
	title = {Computer Organization and Architecture: Designing for Performance},
	year = {2010},
	isbn = {9780136073734},
	publisher = {Pearson Education, Inc.},
	address = {Upper Saddle River, NJ, USA},
}

@book{Vahid:2010,
	author = {Vahid, Frank},
	title = {Digital Design with RTL Design, VHDL, and Verilog},
	year = {2010},
	isbn = {9780470531082},
	publisher = {John Wiley and Sons, Inc.},
	address = {Hoboken, NJ, USA},
}

@book{Hennessy:2011,
	author = {Hennessy, John L. and Patterson, David A.},
	title = {Computer Architecture: A Quantitative Approach},
	year = {2011},
	isbn = {9780123838735},
	publisher = {Elsevier, Inc.},
	address = {San Francisco, CA, USA},
}

@incollection{McCracken:2003:BF:1074100.1074155,
	author = {McCracken, Daniel D. and Reilly, Edwin D.},
	title = {Backus-Naur form (BNF)},
	booktitle = {Encyclopedia of Computer Science},
	isbn = {0-470-86412-5},
	pages = {129--131},
	numpages = {3},
	url = {http://dl.acm.org/citation.cfm?id=1074100.1074155},
	acmid = {1074155},
	publisher = {John Wiley and Sons Ltd.},
	address = {Chichester, UK},
}

@incollection{Chen:2003:UPD:886344.886350,
	author = {Chen, Rong and Sgroi, Marco and Lavagno, Luciano and Martin, Grant and Sangiovanni-Vincentelli, Alberto and Rabaey, Jan},
	chapter = {UML and platform-based design},
	title = {UML for real},
	editor = {Lavagno, Luciano and Martin, Grant and Selic, Bran},
	year = {2003},
	isbn = {1-4020-7501-4},
	pages = {107--126},
	numpages = {20},
	url = {http://dl.acm.org/citation.cfm?id=886344.886350},
	acmid = {886350},
	publisher = {Kluwer Academic Publishers},
	address = {Norwell, MA, USA},
	keywords = {UML, embedded system design, platform-based design},
}

@inproceedings{Cummiskey:1973,
	author = {Cummiskey, P. and Jayant, N. S. and Flanagan, J. L.},
	title = {Adaptive quantization in differential PCM coding of speech},
	booktitle = {The Bell System Technical Journal, v52},
	year = {1973},
	pages = {1105-1118},
	url = {http://www.alcatel-lucent.com/bstj/vol52-1973/articles/bstj52-7-1105.pdf},
	publisher = {American Telephone and Telegraph Company},
}

@inproceedings{Schneier:1994,
	author = {Schneier, Bruce},
	title = {Fast Software Encryption},
	booktitle = {Cambridge Security Workshop Proceedings},
	year = {1994},
	pages = {191-194},
	url = {http://www.schneier.com/paper-blowfish-fse.html},
	publisher = {Springer-Verlag},
	address = {Cambridge, MA, USA},
}

@inproceedings{SLDL:806477, 
	author={Kamath, R. and Alexander, P. and Barton, D.}, 
	booktitle={ASIC/SOC Conference, 1999. Proceedings. Twelfth Annual IEEE International}, 
	title={SLDL: a systems level design language}, 
	year={1999}, 
	pages={71-75}, 
	keywords={formal specification;hardware description languages;programming language semantics;systems analysis;SLDL;facet construct;heterogeneous modeling language;semantics;systems level design language;Computational modeling;Constraint theory;Decision making;Design automation;Hardware design languages;Software performance;Software systems;Springs;System-level design;Systems engineering and theory}, 
	doi={10.1109/ASIC.1999.806477},
}

@inproceedings{Guthaus:2001:MFC:1128020.1128563,
	author = {Guthaus, M. R. and Ringenberg, J. S. and Ernst, D. and Austin, T. M. and Mudge, T. and Brown, R. B.},
	title = {MiBench: A free, commercially representative embedded benchmark suite},
	booktitle = {Proceedings of the Workload Characterization, 2001. WWC-4. 2001 IEEE International Workshop},
	series = {WWC '01},
	year = {2001},
	isbn = {0-7803-7315-4},
	pages = {3--14},
	numpages = {12},
	url = {http://dx.doi.org/10.1109/WWC.2001.15},
	doi = {10.1109/WWC.2001.15},
	acmid = {1128563},
	publisher = {IEEE Computer Society},
	address = {Washington, DC, USA},
}

@inproceedings{SPECC:957917, 
	author={Fujita, M. and Nakamura, H.}, 
	booktitle={System Synthesis, 2001. Proceedings. The 14th International Symposium on}, 
	title={The standard SpecC language}, 
	year={2001}, 
	pages={81-86}, 
	keywords={C language;hardware description languages;high level synthesis;programming language semantics;software standards;C language;LSWG;STOC;SpecC Technology Open Consortium;SpecC language specification working group;SpecC language version 1;SpecC version 2;SpecC-based design methodology;concurrent statements;event control mechanisms;formal semantics;formal verification;hardware description language;high-level synthesis;standard SpecC language;system level description language;Costs;Design methodology;Hardware design languages;High level synthesis;Large scale integration;Permission;Process design;Software performance;System-level design;System-on-a-chip}, 
	doi={10.1109/ISSS.2001.156536},
}

@inproceedings{Cai:2003:TLM:944645.944651,
	author = {Cai, Lukai and Gajski, Daniel},
	title = {Transaction level modeling: an overview},
	booktitle = {Proceedings of the 1st IEEE/ACM/IFIP international conference on Hardware/software codesign and system synthesis},
	series = {CODES+ISSS '03},
	year = {2003},
	isbn = {1-58113-742-7},
	location = {Newport Beach, CA, USA},
	pages = {19--24},
	numpages = {6},
	url = {http://doi.acm.org/10.1145/944645.944651},
	doi = {10.1145/944645.944651},
	acmid = {944651},
	publisher = {ACM},
	address = {New York, NY, USA},
	keywords = {exploration, modeling, refinement, synthesis, transaction level model, validation},
}

@inproceedings{Herrera:2003:SES:789083.1022718,
	author = {Herrera, F. and Posadas, H. and Sanchez, P. and Villar, E.},
	title = {Systemic Embedded Software Generation from SystemC},
	booktitle = {Proceedings of the conference on Design, Automation and Test in Europe - Volume 1},
	series = {DATE '03},
	year = {2003},
	isbn = {0-7695-1870-2},
	pages = {10142--},
	url = {http://portal.acm.org/citation.cfm?id=789083.1022718},
	acmid = {1022718},
	publisher = {IEEE Computer Society},
	address = {Washington, DC, USA},
}

@inproceedings{Yu:2004:ESG:1015090.1015207,
	author = {Yu, Haobo and D\"{o}mer, Rainer and Gajski, Daniel},
	title = {Embedded software generation from system level design languages},
	booktitle = {Proceedings of the 2004 Asia and South Pacific Design Automation Conference},
	series = {ASP-DAC '04},
	year = {2004},
	isbn = {0-7803-8175-0},
	location = {Yokohama, Japan},
	pages = {463--468},
	numpages = {6},
	url = {http://portal.acm.org/citation.cfm?id=1015090.1015207},
	acmid = {1015207},
	publisher = {IEEE Press},
	address = {Piscataway, NJ, USA},
}

@inproceedings{Hassanzadeh:2006:RPM:1973925.1973967,
	author = {Hassanzadeh, Iraj and Darabi, M. and Hassanzadeh, S.},
	title = {Rapid prototyping of a manipulator mechanism using hardware in the loop (HIL) simulators and comparing the results},
	booktitle = {Proceedings of the 5th WSEAS international conference on Applications of electrical engineering},
	series = {AEE'06},
	year = {2006},
	isbn = {960-8457-42-4},
	location = {Prague, Czech Republic},
	pages = {191--195},
	numpages = {5},
	url = {http://dl.acm.org/citation.cfm?id=1973925.1973967},
	acmid = {1973967},
	publisher = {World Scientific and Engineering Academy and Society (WSEAS)},
	address = {Stevens Point, Wisconsin, USA},
	keywords = {HIL robot, dynamic and static analysis, five bar mechanism, software},
}

@inproceedings{Mueller:2006:UED:1233501.1233518,
	author = {Mueller, W. and Rosti, A. and Bocchio, S. and Riccobene, E. and Scandurra, P. and Dehaene, W. and Vanderperren, Y.},
	title = {UML for ESL design: basic principles, tools, and applications},
	booktitle = {Proceedings of the 2006 IEEE/ACM international conference on Computer-aided design},
	series = {ICCAD '06},
	year = {2006},
	isbn = {1-59593-389-1},
	location = {San Jose, California},
	pages = {73--80},
	numpages = {8},
	url = {http://doi.acm.org/10.1145/1233501.1233518},
	doi = {10.1145/1233501.1233518},
	acmid = {1233518},
	publisher = {ACM},
	address = {New York, NY, USA},
	keywords = {ESL design, SoC, SystemC, UML, profiles, simulation, tools},
}

@inproceedings{Kraemer:2007:HFS:1289816.1289837,
	author = {Kraemer, Stefan and Gao, Lei and Weinstock, Jan and Leupers, Rainer and Ascheid, Gerd and Meyr, Heinrich},
	title = {HySim: a fast simulation framework for embedded software development},
	booktitle = {Proceedings of the 5th IEEE/ACM international conference on Hardware/software codesign and system synthesis},
	series = {CODES+ISSS '07},
	year = {2007},
	isbn = {978-1-59593-824-4},
	location = {Salzburg, Austria},
	pages = {75--80},
	numpages = {6},
	url = {http://doi.acm.org/10.1145/1289816.1289837},
	doi = {http://doi.acm.org/10.1145/1289816.1289837},
	acmid = {1289837},
	publisher = {ACM},
	address = {New York, NY, USA},
	keywords = {HySim, ISS, hybrid simulation, simulation},
}

@inproceedings{Schlager:2007:FHT:1778978.1778997,
	author = {Schlager, Martin and Obermaisser, Roman and Elmenreich, Wilfried},
	title = {A framework for hardware-in-the-loop testing of an integrated architecture},
	booktitle = {Proceedings of the 5th IFIP WG 10.2 international conference on Software technologies for embedded and ubiquitous systems},
	series = {SEUS'07},
	year = {2007},
	isbn = {3-540-75663-9, 978-3-540-75663-7},
	location = {Santorini Island, Greece},
	pages = {159--170},
	numpages = {12},
	url = {http://dl.acm.org/citation.cfm?id=1778978.1778997},
	acmid = {1778997},
	publisher = {Springer-Verlag},
	address = {Berlin, Heidelberg},
}

@inproceedings{Krause:2008:CIS:1450135.1450168,
	author = {Krause, Matthias and Englert, Dominik and Bringmann, Oliver and Rosenstiel, Wolfgang},
	title = {Combination of instruction set simulation and abstract RTOS model execution for fast and accurate target software evaluation},
	booktitle = {Proceedings of the 6th IEEE/ACM/IFIP international conference on Hardware/Software codesign and system synthesis},
	series = {CODES+ISSS '08},
	year = {2008},
	isbn = {978-1-60558-470-6},
	location = {Atlanta, GA, USA},
	pages = {143--148},
	numpages = {6},
	url = {http://doi.acm.org/10.1145/1450135.1450168},
	doi = {http://doi.acm.org/10.1145/1450135.1450168},
	acmid = {1450168},
	publisher = {ACM},
	address = {New York, NY, USA},
	keywords = {RTOS modeling, embedded systems, instruction set simulation},
}

@inproceedings{Schirner:2008:AGH:1356802.1356870,
	author = {Schirner, Gunar and Gerstlauer, Andreas and D\"{o}mer, Rainer},
	title = {Automatic generation of hardware dependent software for MPSoCs from abstract system specifications},
	booktitle = {Proceedings of the 2008 Asia and South Pacific Design Automation Conference},
	series = {ASP-DAC '08},
	year = {2008},
	isbn = {978-1-4244-1922-7},
	location = {Seoul, Korea},
	pages = {271--276},
	numpages = {6},
	url = {http://portal.acm.org/citation.cfm?id=1356802.1356870},
	acmid = {1356870},
	publisher = {IEEE Computer Society Press},
	address = {Los Alamitos, CA, USA},
}

@inproceedings{Lisboa:2009:DFB:1543820.1543830,
	author = {Lisboa, Edson and Silva, Luciano and Chaves, Igino and Lima, Thiago and Barros, Edna},
	title = {A design flow based on a domain specific language to concurrent development of device drivers and device controller simulation models},
	booktitle = {Proceedings of th 12th International Workshop on Software and Compilers for Embedded Systems},
	series = {SCOPES '09},
	year = {2009},
	isbn = {978-1-60558-696-0},
	location = {Nice, France},
	pages = {53--60},
	numpages = {8},
	url = {http://portal.acm.org/citation.cfm?id=1543820.1543830},
	acmid = {1543830},
	publisher = {ACM},
	address = {New York, NY, USA},
}

@inproceedings{Domer:2009:IHS:1509633.1509711,
	author = {D\"{o}mer, Rainer and Gerstlauer, Andreas and M\"{u}ller, Wolfgang},
	title = {Introduction to hardware-dependent software design hardware-dependent software for multi- and many-core embedded systems},
	booktitle = {Proceedings of the 2009 Asia and South Pacific Design Automation Conference},
	series = {ASP-DAC '09},
	year = {2009},
	isbn = {978-1-4244-2748-2},
	location = {Yokohama, Japan},
	pages = {290--292},
	numpages = {3},
	url = {http://portal.acm.org/citation.cfm?id=1509633.1509711},
	acmid = {1509711},
	publisher = {IEEE Press},
	address = {Piscataway, NJ, USA},
}

@inproceedings{Ecker:2009:UDA:1509633.1509712,
	author = {Ecker, Wolfgang and Heinen, Stefan and Velten, Michael},
	title = {Using a dataflow abstracted virtual prototype for HdS-design},
	booktitle = {Proceedings of the 2009 Asia and South Pacific Design Automation Conference},
	series = {ASP-DAC '09},
	year = {2009},
	isbn = {978-1-4244-2748-2},
	location = {Yokohama, Japan},
	pages = {293--300},
	numpages = {8},
	url = {http://portal.acm.org/citation.cfm?id=1509633.1509712},
	acmid = {1509712},
	publisher = {IEEE Press},
	address = {Piscataway, NJ, USA},
}

@inproceedings{Yagi:2009:WWC:1629911.1630135,
	author = {Yagi, Hiroyuki and Rosenstiel, Wolfgang and Engblom, Jakob and Andrews, Jason and Vissers, Kees and Serughetti, Marc},
	title = {The wild west: conquest of complex hardware-dependent software design},
	booktitle = {Proceedings of the 46th Annual Design Automation Conference},
	series = {DAC '09},
	year = {2009},
	isbn = {978-1-60558-497-3},
	location = {San Francisco, California},
	pages = {878--879},
	numpages = {2},
	url = {http://doi.acm.org/10.1145/1629911.1630135},
	doi = {http://doi.acm.org/10.1145/1629911.1630135},
	acmid = {1630135},
	publisher = {ACM},
	address = {New York, NY, USA},
	keywords = {ESL, MPSoC, hardware-dependent software, heterogeneous/homogenous multi-core, many-core, multi-core, multiprocessors, programming model, symmetric/asymmetric multi-core, virtual platform, virtual prototyping, virtualization},
} 

@inproceedings{Ecker:2010:TME:1870926.1870947,
	author = {Ecker, Wolfgang and Esen, Volkan and Schwencker, Robert and Steininger, Thomas and Velten, Michael},
	title = {TLM+ modeling of embedded HW/SW systems},
	booktitle = {Proceedings of the Conference on Design, Automation and Test in Europe},
	series = {DATE '10},
	year = {2010},
	isbn = {978-3-9810801-6-2},
	location = {Dresden, Germany},
	pages = {75--80},
	numpages = {6},
	url = {http://portal.acm.org/citation.cfm?id=1870926.1870947},
	acmid = {1870947},
	publisher = {European Design and Automation Association},
	address = {3001 Leuven, Belgium, Belgium},
}

@inproceedings{Chang:2010:DCR:1931475.1932473,
	author = {Chang, Tongli},
	title = {Dynamic Characteristics Rebuilding of HIL Simulation System and Its Validation},
	booktitle = {Proceedings of the 2010 International Conference on Digital Manufacturing \& Automation - Volume 01},
	series = {ICDMA '10},
	year = {2010},
	isbn = {978-0-7695-4286-7},
	pages = {581--584},
	numpages = {4},
	url = {http://dx.doi.org/10.1109/ICDMA.2010.109},
	doi = {10.1109/ICDMA.2010.109},
	acmid = {1932473},
	publisher = {IEEE Computer Society},
	address = {Washington, DC, USA},
	keywords = {Characteristics, HIL Simulation, Simulation Validation, System Design},
}

@inproceedings{Lo:2011,
	author = {Lo, Chen-Kang and Chen, Li-Chun and Wu, Meng-Huan and Tsay, Ren-Song},
	title = {Cycle-Count-Accurate Processor Modeling for Fast and Accurate System-Level Simulation},
	booktitle = {Proceedings of the Conference on Design, Automation and Test in Europe},
	series = {DATE '11},
	year = {2011},
	location = {Grenoble, France},
	numpages = {6},
	url = {http://logos.cs.nthu.edu.tw/blog/paper/1103\_DATE\_Lo.PDF},
}

@inproceedings{Prado:2011:HFP:2020876.2020917,
	author = {Prado, Bruno and Barros, Edna and Figueiredo, Thiago and Aziz, Andr{\'e}},
	title = {HdSC: a fast and preemptive modeling for on host HdS development},
	booktitle = {Proceedings of the 24th symposium on Integrated circuits and systems design},
	series = {SBCCI '11},
	year = {2011},
	isbn = {978-1-4503-0828-1},
	location = {Jo\&\#227;o Pessoa, Brazil},
	pages = {179--184},
	numpages = {6},
	url = {http://doi.acm.org/10.1145/2020876.2020917},
	doi = {10.1145/2020876.2020917},
	acmid = {2020917},
	publisher = {ACM},
	address = {New York, NY, USA},
	keywords = {embedded software, hds, instruction set simulator, modeling, preemptive, simulation},
} 

@inproceedings{Razaghi:6165021,
	author={Razaghi, P. and Gerstlauer, A.}, 
	booktitle={Design Automation Conference (ASP-DAC), 2012 17th Asia and South Pacific}, title={Automatic timing granularity adjustment for host-compiled software simulation}, 
	year={2012}, 
	month={30 2012-feb. 2}, 
	volume={}, 
	number={}, 
	pages={567 -572}, 
	keywords={RTOS model;adjustive software simulator;automatic timing granularity adjustment;back annotated timing granularities;coarse grained simulation;complex software 	intensive systems;error-free task scheduling;host-compiled software simulation;system state monitoring;granular computing;program compilers;task analysis;}, 
	doi={10.1109/ASPDAC.2012.6165021}, 
	ISSN={2153-6961},
}

@inproceedings{Gerstlauer:6164947, 
	author={Gerstlauer, A. and Chakravarty, S. and Kathuria, M. and Razaghi, P.}, 
	booktitle={Design Automation Conference (ASP-DAC), 2012 17th Asia and South Pacific}, title={Abstract system-level models for early performance and power exploration}, 
	year={2012}, 
	month={30 2012-feb. 2}, 
	volume={}, 
	number={}, 
	pages={213 -218}, 
	keywords={Pareto set;abstract OS;abstract system-level model;application code;application execution;back-annotated source code;co-simulation backplane;cost design space;embedded system;hardware-software co-simulation;heterogeneous multicore architecture;heterogeneous multiprocessor architecture;high-level platform model;host-compiled simulation;industrial-strength benchmark;power exploration;power simulation;embedded systems;hardware-software codesign;multiprocessing systems;}, 
	doi={10.1109/ASPDAC.2012.6164947}, 
	ISSN={2153-6961},
}

@inproceedings{Kadav:2012:UMD:2150976.2150987,
	author = {Kadav, Asim and Swift, Michael M.},
	title = {Understanding modern device drivers},
	booktitle = {Proceedings of the seventeenth international conference on Architectural Support for Programming Languages and Operating Systems},
	series = {ASPLOS '12},
	year = {2012},
	isbn = {978-1-4503-0759-8},
	location = {London, England, UK},
	pages = {87--98},
	numpages = {12},
	url = {http://doi.acm.org/10.1145/2150976.2150987},
	doi = {10.1145/2150976.2150987},
	acmid = {2150987},
	publisher = {ACM},
	address = {New York, NY, USA},
	keywords = {device drivers, measurement},
}

@misc{GARTNER_PC:2008,
	author = {Gartner},
	title = {Gartner Says More than 1 Billion PCs In Use Worldwide and Headed to 2 Billion Units by 2014},
	year = {2008},
	url = {http://www.gartner.com/newsroom/id/703807},
}

@misc{GARTNER_PC:2011,
	author = {Gartner},
	title = {Gartner Says Western Europe PC Market Declined 19 Percent in Second Quarter of 2011},
	year = {2011},
	url = {http://www.gartner.com/newsroom/id/1769215},
}

@misc{IHS:2011,
	author = {IHS},
	title = {IHS: 2011 embedded wireless market to grow 35\%},
	year = {2011},
	url = {http://www.eetimes.com/document.asp?doc\_id=1259272},
}

@misc{ITRS_Design:2011,
	author = {ITRS},
	title = {The International Technology Roadmap for Semiconductors - Design},
	year = {2011},
	url = {http://www.itrs.net},
}

@misc{ITRS_SysDrivers:2011,
	author = {ITRS},
	title = {The International Technology Roadmap for Semiconductors - System Drivers},
	year = {2011},
	url = {http://www.itrs.net},
}

@misc{SBCCI:2011,
	author = {SBCCI},
	title = {Symposium on Integrated Circuits and Systems Design},
	year = {2011},
	url = {http://www.lasic.ufpb.br/chip\_on\_the\_cliffs\_2011/sbcci.html},
}

@misc{SPARC:2012,
	author = {SPARC},
	title = {Welcome to SPARC International, Inc.!},
	year = {2012},
	url = {http://www.sparc.org},
}

@misc{ESTEC:2012,
	author = {ESTEC},
	title = {European Space Research and Technology Centre},
	year = {2012},
	url = {http://www.esa.int/SPECIALS/ESTEC/index.html},
}

@misc{ESA:2012,
	author = {ESA},
	title = {European Space Agency Portal},
	year = {2012},
	url = {http://www.esa.int/esaCP/},
}

@misc{Gaisler:2012,
	author = {Aeroflex},
	title = {Aeroflex Gaisler AB},
	year = {2012},
	url = {http://www.gaisler.com/},
}

@misc{EEMBC:2012,
	author = {EEMBC},
	title = {EEMBC -- The Embedded Microprocessor Benchmark Consortium},
	year = {2012},
	url = {http://www.eembc.org/},
}

@misc{POSIX:2012,
	author = {IEEE},
	title = {IEEE SA - POSIX - Austin Joint Working Group},
	year = {2012},
	url = {http://standards.ieee.org/develop/wg/POSIX.html},
}

@misc{JPEG:2012,
	author = {JPEG},
	title = {Joint Photographic Experts Group},
	year = {2012},
	url = {http://www.jpeg.org/jpeg/index.html},
}

@misc{Ispell:2012,
	author = {GNU},
	title = {Ispell: Spell-checking for Unix},
	year = {2012},
	url = {http://www.gnu.org/software/ispell/ispell.html},
}

@misc{ETSI:2012,
	author = {ETSI},
	title = {European Telecommunications Standards Institute},
	year = {2012},
	url = {http://www.etsi.org/},
}

@misc{ANSI:2012,
	author = {ANSI},
	title = {American National Standards Institute},
	year = {2012},
	url = {http://www.ansi.org/},
}

@misc{SBMicro:2012,
	author = {SBMicro},
	title = {Sociedade Brasileira de Microeletr\^{o}nica},
	year = {2012},
	url = {http://www.sbmicro.org.br/},
}

@misc{SBC:2012,
	author = {SBC},
	title = {Sociedade Brasileira de Computa\c{c}\~{a}o},
	year = {2012},
	url = {http://www.sbc.org.br/},
}

@misc{JICS:2012,
	author = {JICS},
	title = {Journal of Integrated Circuits and Systems},
	year = {2012},
	url = {http://www.sbmicro.org.br/jics/},
}

@misc{QUALIS_SBCCI:2012,
	author = {CAPES},
	title = {Coordena\c{c}\~{a}o de Aperfei\c{c}oamento de Pessoal de N\'{\i}vel Superior - Classifica\c{c}\~{a}o de Confer\^{e}ncias de \'{A}rea},
	year = {2012},
	url = {http://www.capes.gov.br/images/stories/download/avaliacao/\penalty 0Comunicado\_004\_2012\_Ciencia\_da\_Computacao.pdf},
}

@misc{QUALIS_JICS:2012,
	author = {CAPES},
	title = {Coordena\c{c}\~{a}o de Aperfei\c{c}oamento de Pessoal de N\'{\i}vel Superior - Lista Completa de Peri\'{o}dicos},
	year = {2012},
	url = {http://qualis.capes.gov.br/arquivos/avaliacao/\penalty 0webqualis/listacompletaperiodicos/relatorio\_lista\_completa.pdf},
}

@misc{COREMARK_SCORE:2013,
	author = {CoreMark},
	title = {CoreMark and EEMBC Benchmark},
	year = {2013},
	url = {http://www.coremark.org/benchmark/index.php?pg=benchmark},
}

@misc{XILINX_SPARTAN-6:2013,
	author = {Xilinx Inc.},
	title = {Spartan-6 FPGA SP605},
	year = {2013},
	url = {http://www.xilinx.com/products/boards-and-kits/EK-S6-SP605-G.htm},
}

@misc{DEC_VAX:2013,
	author = {The NetBSD Project},
	title = {Hardware Documentation - Machines DEC - VAX hardware reference},
	year = {2013},
	url = {http://www.netbsd.org/docs/Hardware/Machines/DEC/vax/vax700.html},
}

@misc{LEON3_DMIPS:2013,
	author = {Aeroflex Gaisler},
	title = {Leon3 Processor},
	year = {2013},
	url = {http://www.gaisler.com/index.php/products/processors/leon3},
}

@misc{IEEE_1003:2013,
	author = {IEEE},
	title = {IEEE SA - POSIX},
	year = {2013},
	url = {http://standards.ieee.org/develop/wg/POSIX.html},
}

@misc{GNUPLOT:2013,
	author = {Thomas Williams and Colin Kelley},
	title = {gnuplot homepage},
	year = {2013},
	url = {http://gnuplot.sourceforge.net/},
}

@misc{DAC:2013,
	author = {ACM/EDAC/IEEE},
	title = {Design Automation Conference},
	year = {2013},
	url = {http://www.dac.com/},
}

@misc{AMD:2013,
	author = {Advanced Micro Devices},
	title = {Global Provider of Innovative Graphics, Processors and Media Solutions},
	year = {2013},
	url = {http://www.amd.com/},
}

@misc{Intel:2013,
	author = {Intel Corporation},
	title = {Ultrabook, SmartPhone, Laptop, Desktop, Server, \& Embedded-Intel},
	year = {2013},
	url = {http://www.intel.com/},
}

@misc{Calypto:2013,
	author = {Calypto Design Systems},
	title = {Catapult: Product Family Overview},
	year = {2013},
	url = {http://calypto.com/en/products/catapult/overview},
}

@misc{Forte:2013,
	author = {Forte Design Systems},
	title = {Cynthesizer 5},
	year = {2013},
	url = {http://www.forteds.com/products/cynthesizer.asp},
}

@misc{Samsung:2013,
	author = {Samsung Exynos},
	title = {Samsung Primes Exynos 5 Octa for ARM big.LITTLE Technology with Heterogeneous Multi-Processing Capability},
	year = {2013},
	url = {http://www.samsung.com/global/business/semiconductor/\penalty 0minisite/Exynos/news\_Samsung\_Primes\_Exynos5Octa\penalty 0\_for\_ARM\_bigLITTLE\_Technology\_with\_Heterogeneous\_Multi\_Processing\penalty 0\_Capability.html?ism=SASep0913Twitter2},
}

@rfc{Eastlake:2001:USH:RFC3174,
	author = {Eastlake,3rd, D. and Jones, P.},
	title = {US Secure Hash Algorithm 1 (SHA1)},
	year = {2001},
	publisher = {RFC Editor},
	address = {United States},
}